<record><leader>00000cas a22000007a 4500</leader><controlfield tag="001">14943773</controlfield><controlfield tag="008">861209d19221927iauwr ne      0    0eng d</controlfield><datafield ind1=" " ind2=" " tag="010"><subfield code="a">sn 86061204 </subfield></datafield><datafield ind1=" " ind2=" " tag="040"><subfield code="a">INP</subfield><subfield code="b">eng</subfield><subfield code="c">INP</subfield><subfield code="d">OCLCQ</subfield></datafield><datafield ind1=" " ind2=" " tag="042"><subfield code="a">msc</subfield></datafield><datafield ind1="0" ind2="0" tag="245"><subfield code="a">Bloomfield Davis County messenger.</subfield></datafield><datafield ind1="3" ind2="0" tag="246"><subfield code="a">Bloomfield messenger</subfield></datafield><datafield ind1="3" ind2="0" tag="246"><subfield code="a">Davis County messenger</subfield></datafield><datafield ind1=" " ind2=" " tag="260"><subfield code="a">Bloomfield, Davis County, Iowa :</subfield><subfield code="b">F.R. &amp; H.M. Sullivan,</subfield><subfield code="c">1922-</subfield></datafield><datafield ind1=" " ind2=" " tag="300"><subfield code="a">v. :</subfield><subfield code="b">ill.</subfield></datafield><datafield ind1=" " ind2=" " tag="310"><subfield code="a">Weekly</subfield></datafield><datafield ind1="0" ind2=" " tag="362"><subfield code="a">Vol. 1, no. 1 (Sept. 8, 1922)-</subfield></datafield><datafield ind1="1" ind2=" " tag="362"><subfield code="a">Ceased in Sept. 1927.</subfield><subfield code="z">Cf. Bibl. of Iowa newspapers.</subfield></datafield><datafield ind1=" " ind2=" " tag="752"><subfield code="a">United States</subfield><subfield code="b">Iowa</subfield><subfield code="c">Davis</subfield><subfield code="d">Bloomfield.</subfield></datafield><datafield ind1="0" ind2="4" tag="785"><subfield code="t">Davis County Republican (Bloomfield, Iowa : 1922)</subfield><subfield code="w">(DLC)sn 86061205</subfield></datafield></record>